<?xml version="1.0" encoding="UTF-8"?><record xmlns="http://www.loc.gov/MARC21/slim" xmlns:cinclude="http://apache.org/cocoon/include/1.0" xmlns:zs="http://www.loc.gov/zing/srw/">
  <leader>00542cz  a2200157n  4500</leader>
  <controlfield tag="001">n 2005089796</controlfield>
  <controlfield tag="003">DLC</controlfield>
  <controlfield tag="005">20130323080235.0</controlfield>
  <controlfield tag="008">051212n| azannaabn          |a aaa      </controlfield>
  <datafield tag="010" ind1=" " ind2=" ">
    <subfield code="a">n 2005089796</subfield>
  </datafield>
  <datafield tag="040" ind1=" " ind2=" ">
    <subfield code="a">DLC</subfield>
    <subfield code="b">eng</subfield>
    <subfield code="e">rda</subfield>
    <subfield code="c">DLC</subfield>
    <subfield code="d">DLC</subfield>
  </datafield>
  <datafield tag="100" ind1="0" ind2=" ">
    <subfield code="a">Nadia,</subfield>
    <subfield code="d">1975 or 1976-</subfield>
    <subfield code="t">Moi, Nadia, femme d'un e휍혖mir du GIA.</subfield>
    <subfield code="l">English</subfield>
  </datafield>
  <datafield tag="377" ind1=" " ind2=" ">
    <subfield code="a">eng</subfield>
  </datafield>
  <datafield tag="400" ind1="0" ind2=" ">
    <subfield code="a">Nadia,</subfield>
    <subfield code="d">1975 or 1976-</subfield>
    <subfield code="t">I, Nadia, wife of a terrorist</subfield>
  </datafield>
  <datafield tag="400" ind1="0" ind2=" ">
    <subfield code="w">nnea</subfield>
    <subfield code="a">Nadia,</subfield>
    <subfield code="d">1975 or 6-</subfield>
    <subfield code="t">Moi, Nadia, femme d'un e휍혖mir du GIA.</subfield>
    <subfield code="l">English</subfield>
  </datafield>
  <datafield tag="670" ind1=" " ind2=" ">
    <subfield code="a">Nadia. I, Nadia, wife of a terrorist, 2006.</subfield>
  </datafield>
</record>